@article{Kooijman2008,
  title = {Experimental validation of a model of an uncontrolled bicycle},
  author = {Kooijman, J.D.G. and Schwab, A.L. and Meijaard, J.P.},
  year = {2008},
  journal = {Multibody Syst Dyn},
  volume = {19},
  pages = {115-132},
  doi = {10.1007/s11044-007-9050-x},
  copyright = {Creative Commons Attribution 4.0 International License (CC-BY)},
}